2233 3434
905 779 1381 854 Praefatio,

325 927 512 969 Praeter
553 939 672 979 spem
714 929 760 968 et
801 924 1043 978 opinionem
1084 924 1245 966 factum
1289 927 1380 975 est,
1432 926 1481 965 ut
1521 922 1672 964 ultima
1713 922 1838 976 hujus
1877 921 2102 963 Prodromi

182 1011 285 1052 pars
322 1010 435 1040 nunc
473 998 639 1040 demum
671 997 714 1039 in
746 997 884 1039 lucem
916 995 1090 1049 prodiit.
1154 994 1343 1036 Primum
1378 993 1488 1036 enim
1522 993 1718 1036 Gicmom
1752 996 2007 1045 optaverat,
2052 996 2101 1034 ut

182 1069 413 1112 editionem
445 1068 603 1111 faunae
635 1081 741 1110 suae
772 1066 1121 1121 ichthyologicae
1143 1065 1302 1108 Italiae
1332 1068 1645 1117 exspectarem.
1699 1064 1863 1106 Tamen
1885 1062 2102 1106 volumina

183 1154 293 1194 quae
335 1141 388 1183 (16
429 1140 583 1183 avibus
627 1138 868 1192 composuit
907 1138 1024 1180 illam
1066 1137 1206 1180 adhuc
1246 1136 1524 1189 impedivere.
1588 1135 1746 1177 Tribus
1778 1134 1913 1189 igitur
1945 1133 2101 1176 abhinc

182 1212 306 1255 annis
337 1211 430 1264 ipse
462 1210 603 1253 suasit
634 1223 688 1253 ne
721 1209 903 1262 amplius
936 1220 1142 1251 morarer.
1196 1207 1398 1250 Exeunte
1432 1219 1544 1249 anno
1576 1206 1725 1248 ultimo
1761 1206 1829 1248 hic
1850 1205 1960 1248 liber
1982 1203 2101 1258 typis

183 1283 428 1336 exscriptus
459 1282 555 1334 fuit,
591 1281 843 1334 compositio
876 1280 1064 1322 indicum
1095 1279 1320 1332 plurimum
1354 1277 1620 1331 consumpsit
1651 1277 1872 1330 temporis.

325 1354 507 1397 Multum
541 1354 676 1396 debeo
711 1352 864 1395 obviae
896 1351 1114 1395 voluntati
1145 1350 1433 1404 zoologorum.
1489 1349 1591 1392 Cum
1624 1352 1828 1391 autumno
1860 1346 2101 1401 praeterito

183 1427 239 1469 ad
269 1425 585 1478 comparandas
607 1424 817 1467 Italorum
850 1422 1128 1465 collectiones
1160 1421 1246 1464 iter
1277 1420 1479 1472 facerem,
1512 1420 1596 1463 viri
1628 1419 1866 1462 doctissimi
1888 1419 2102 1461 BELLOTTI

182 1496 534 1549 Mediolailelisis,
557 1496 688 1538 Tnois
707 1495 916 1546 Venetus,
941 1494 1180 1536 CARRUcmo
1204 1492 1437 1545 Romanus,
1462 1492 1771 1534 KLEINENBERG
1795 1489 2102 1542 Messanensis,

183 1568 342 1611 GRASSI
375 1567 662 1619 Cataniensis,
697 1567 852 1608 Riccio
886 1565 1222 1608 Panormitanus
1254 1577 1321 1606 me
1354 1577 1403 1606 eo
1437 1563 1565 1607 valde
1598 1563 1957 1614 sublevaverunt,
1991 1561 2104 1613 quod

182 1639 235 1682 de
276 1642 436 1681 natura
476 1638 697 1682 variarum
738 1637 979 1690 specierum
1021 1635 1212 1688 locisque
1256 1634 1410 1687 quibus
1451 1633 1729 1688 reperiuntur
1769 1645 1932 1676 mecum
1969 1632 2104 1674 multa

183 1709 442 1765 gravissima
483 1709 728 1752 liberaliter
770 1708 1202 1751 communicaverunt.
1268 1706 1575 1749 Collectionem
1616 1705 1819 1748 stationis
1857 1703 2104 1758 zoologicae

183 1781 501 1834 Neapolitanae
530 1781 760 1823 adeuntem
783 1792 850 1822 me
872 1780 937 1822 Lo
956 1780 1119 1821 Bnmco
1144 1779 1196 1821 de
1219 1778 1394 1821 sedibus
1417 1780 1462 1820 et
1482 1777 1588 1820 locis
1611 1777 1842 1819 multarum
1865 1775 2104 1829 specierum

183 1853 368 1896 edocuit.
431 1853 483 1895 In
515 1865 661 1895 museo
702 1851 839 1894 civico
879 1850 1101 1894 Genuensi
1137 1850 1331 1892 PERUGIA
1372 1852 1590 1892 annuente
1623 1849 1798 1892 GEsrno
1841 1851 1890 1890 ut
1930 1847 2105 1889 diurnos

182 1924 512 1967 connnentarios
546 1924 598 1965 de
633 1927 818 1975 captura
851 1926 896 1964 et
929 1934 1112 1964 occursu
1143 1920 1384 1974 specierum
1416 1919 1628 1962 rariorum
1660 1919 1923 1972 perlustrem
1955 1917 2105 1960 huma-

180 1995 356 2038 nissime
402 1995 505 2039 mihi
552 1993 762 2047 permisit.
837 1993 1002 2047 Quibus
1049 1991 1156 2035 viris
1204 1991 1398 2034 omnibus
1439 1990 1607 2045 gratias
1649 2003 1731 2044 ago
1775 2002 1829 2032 ex
1873 1987 2103 2032 sententia·

182 2067 331 2119 Neque
363 2079 565 2118 umquam
597 2065 686 2108 ulla
718 2064 882 2107 delebit
913 2063 1072 2107 oblivio
1105 2063 1351 2105 memoriam
1385 2062 1669 2116 benignitatis
1702 2065 1748 2104 et
1775 2060 1992 2104 amicitiae
2021 2072 2106 2112 qua

182 2138 343 2180 GRASSI
376 2142 422 2180 et
454 2137 693 2179 CARRUccio
716 2148 784 2177 me
806 2134 1042 2177 Mediolani
1064 2134 1314 2186 Romaeque
1346 2134 1493 2176 morbo
1527 2132 1872 2186 perincommodo
1906 2131 2103 2174 affectum

181 2208 400 2252 indefesse
432 2211 710 2250 curaverunt.
766 2206 1043 2258 Summopere
1076 2217 1180 2248 vero
1214 2205 1352 2257 doleo,
1385 2204 1498 2256 quod
1531 2203 1785 2246 collectione
1819 2202 1995 2255 copiosa
2016 2201 2103 2254 pis-

181 2280 290 2323 cium
333 2292 443 2332 quae
475 2278 732 2321 Florentiae
774 2281 922 2320 exstat
953 2290 1008 2319 116
1040 2277 1095 2319 ad
1125 2276 1316 2319 locorum
1348 2276 1518 2328 quidem
1552 2275 1846 2328 complendam
1880 2285 2104 2316 enumera-

180 2351 341 2394 tionem
374 2350 439 2393 uti
469 2349 572 2392 mihi
605 2349 747 2401 licuit7
793 2361 887 2391 cum
918 2351 1067 2391 rector
1098 2351 1144 2390 61
1174 2348 1425 2390 moderator
1455 2348 1582 2402 huJ'us
1613 2346 1750 2390 musei
1781 2346 1979 2389 GIGLIOLI
2011 2344 2104 2397 ipse

181 2421 354 2464 faunam
387 2420 752 2474 ichthyologicam
785 2419 943 2462 Italiae
966 2418 1266 2462 conscribendi
1289 2418 1512 2461 consilium
1536 2417 1715 2471 ceperit.
1769 2414 2104 2459 KoLonBA'rovn}

182 2492 456 2545 Spalatensis
489 2491 783 2546 gratissimum
815 2490 918 2533 mihi
949 2490 1056 2533 fecit
1087 2490 1200 2542 quod
1222 2489 1388 2543 scripta
1410 2489 1634 2532 historiam
1658 2487 1837 2541 piscium
1860 2485 2101 2529 naturalem

181 2563 432 2617 spectantia
464 2562 644 2605 comiter
675 2563 731 2605 ad
762 2575 829 2604 me
861 2561 990 2604 misit.

323 2634 470 2688 Aegre
494 2633 601 2685 fero,
635 2634 748 2686 quod
770 2633 882 2675 liber
913 2633 957 2675 in
989 2645 1072 2685 (1110
1094 2634 1392 2675 Arosromnns
1425 2631 1567 2684 pisces
1591 2630 1805 2674 Grraeciae
1836 2625 2104 2671 enumeravit

180 2717 292 2747 nunc
324 2705 491 2747 demum
525 2704 627 2746 mihi
659 2704 860 2756 innotuit,
895 2716 1034 2756 neque
1067 2702 1414 2755 commentarius,
1448 2714 1571 2755 quem
1600 2702 1895 2744 Hommxus
1928 2698 2103 2740 615011-

180 2789 314 2818 011106
347 2776 401 2819 de
433 2775 624 2829 piscibus
656 2775 788 2818 maris
821 2775 967 2830 graeci
1003 2775 1374 2828 conscripserunt,
1409 2778 1512 2816 ante
1544 2774 1656 2815 1111110
1686 2771 1842 2814 librum
1876 2769 1994 2823 typis
2028 2781 2102 2810 ex—

181 2846 388 2899 scriptum
421 2848 477 2889 ad
508 2859 661 2889 manus
693 2846 827 2890 venit.

322 2953 579 3007 Lipsiae,
612 2953 713 2996 Jan.
750 2954 876 2997 1893.

1453 3080 1507 3132 J.
1548 3079 1769 3132 Victor
1810 3076 2025 3129 Carus.
